@article {AD,
    AUTHOR = {Alev, Jacques and Dumas, Fran{\c c}ois},
     TITLE = {Invariants du corps de {W}eyl sous l'action de groupes finis},
   JOURNAL = {Comm. Algebra},
  FJOURNAL = {Communications in Algebra},
    VOLUME = {25},
      YEAR = {1997},
    NUMBER = {5},
     PAGES = {1655--1672},
      ISSN = {0092-7872,1532-4125},
   MRCLASS = {16W20},
  MRNUMBER = {1444026},
MRREVIEWER = {Michel\ Van den Bergh},
       DOI = {10.1080/00927879708825943},
       URL = {https://doi.org/10.1080/00927879708825943},
}
